3090 5032
167 384 208 446 30
664 366 821 432 PERSII

169 535 229 598 hoc
254 543 345 598 natat
368 537 404 597 in
427 535 531 612 labris,
556 544 588 598 et
611 537 647 597 in
670 535 732 597 udo
755 544 812 626 est,
836 536 971 600 Maenas
994 546 1027 600 et
1049 538 1148 618 Attis,
1276 565 1320 614 105

169 674 230 718 nec
252 655 395 748 pluteum
416 655 532 740 caedit,
556 674 618 717 nec
639 655 805 718 demorsos
827 657 910 739 sapit
932 658 1067 740 unguis?

214 775 278 840 Sed
301 776 376 858 quid
399 795 478 859 opus
499 785 626 839 teneras
649 775 792 839 mordaci
816 777 925 839 radere
947 797 1024 840 vero

169 897 347 962 auriculas?
376 897 452 959 vide
473 897 528 976 sis,
550 916 593 959 ne
615 898 773 959 maiorum
796 897 858 959 tibi
880 896 964 959 sorte

169 1017 287 1079 limina
307 1016 499 1116 frigescant:
528 1026 623 1080 sonat
646 1015 700 1079 hic
722 1016 762 1079 de
785 1036 862 1079 nare
884 1017 1003 1080 canina
1077 1019 1112 1117 st

169 1136 288 1199 littera.

298 1254 377 1318 ‘Per
398 1274 450 1317 me
473 1255 623 1337 equidem
645 1257 712 1320 sint
734 1258 847 1320 omnia
869 1238 1015 1341 protinus
1038 1257 1129 1334 alba3
1275 1288 1322 1321 110

169 1376 218 1439 nil
241 1396 356 1439 moror.
387 1376 482 1458 euge!
509 1377 1116 1504 omnesbp'nyripybbpgreffiffimergis
1138 1395 1197 1438 res.

170 1499 231 1560 hoc
253 1498 364 1561 iuvat?
396 1496 483 1560 ‘hic’
506 1498 613 1581 inquis
636 1507 730 1562 ‘veto
751 1500 919 1591 quisquam
941 1498 1022 1560 faxit
1046 1495 1187 1559 oletum?

100 1619 267 1741 mpinge
289 1616 368 1679 duos
390 1618 518 1700 anguis:
547 1619 645 1701 pueri,
669 1638 758 1681 sacer
780 1628 830 1682 est
853 1619 949 1696 locus,
973 1625 1063 1680 extra

166 1735 287 1825 Q!
315 1735 455 1798 discedo,
485 1739 587 1800 secuit
611 1738 756 1801 Lucilius
777 1738 897 1816 urbem,

170 1863 205 1917 te
227 1855 325 1938 Lupe,
349 1864 383 1917 te
404 1855 506 1936 Muci,
529 1865 563 1920 et
583 1860 761 1960 Q
783 1858 879 1942 fregit
902 1859 938 1919 in
960 1857 1046 1935 illis3

307 2081 360 2131 105.
377 2069 447 2117 labsis
459 2070 484 2132 (r
495 2086 561 2132 super
572 2088 582 2118 s
594 2087 650 2120 eras.
663 2087 770 2132 superscr.
782 2081 808 2120 ut
820 2072 929 2133 videtur).
1053 2067 1107 2117 106.
1123 2037 1192 2130 iapit.

338 2163 392 2215 107.
409 2168 464 2200 uero
475 2153 511 2201 vel
522 2170 549 2200 su
561 2155 614 2216 (pro
625 2156 732 2215 versui).
775 2167 786 2187 ·
890 2166 945 2201 111.
962 2168 1038 2201 omnes
1055 2153 1159 2200 etenim.

429 2246 483 2284 112.
500 2234 579 2300 iuquit,
596 2251 607 2281 s
624 2251 730 2297 superscr.
898 2218 951 2300 113.
966 2237 1061 2300 pingue.

208 2439 262 2491 105.
296 2427 361 2475 With
391 2437 466 2476 natat
495 2427 574 2475 Heinr.
603 2443 722 2489 compares
771 2430 830 2476 endo
842 2444 909 2490 saepe
923 2438 991 2490 caput
1007 2430 1115 2485 scaberet,
1125 2426 1188 2475 vivos
1203 2435 1225 2475 et
1235 2426 1323 2475 roderet

173 2496 254 2554 Qrint.
269 2507 306 2542 10.
320 2503 341 2556 7.
356 2493 385 2540 28
404 2495 526 2541 ‘innatans
545 2494 582 2540 illa
601 2495 722 2541 verborum
771 2495 875 2558 ungstesl

173 2561 283 2608 facilitas!
317 2561 396 2607 Heinr.
416 2568 468 2619 puts
488 2574 501 2604 a
521 2559 645 2606 semicolon
666 2561 722 2606 alter
808 2569 928 2623 107-123.
961 2561 990 2607 F.
1007 2559 1085 2606 ‘Even
1103 2559 1124 2605 if
1138 2558 1183 2606 this
1202 2559 1232 2605 be
1250 2556 1322 2612 1111111,

173 2626 267 2673 ‘natan'
293 2625 353 2686 Jahn
367 2623 465 2687 (1843),
477 2625 532 2671 with
545 2624 584 2672 the
599 2634 651 2680 rest,
665 2626 723 2671 after
773 2626 827 2687 why
838 2627 877 2673 tell
894 2626 930 2672 it?
963 2626 1016 2672 Yon
1029 2626 1076 2672 will
1092 2626 1148 2686 only
1163 2623 1239 2670 offend
1255 2623 1323 2669 those

173 2691 267 2738 ‘labris’
284 2691 383 2751 Perhaps
389 2692 409 2738 it
417 2689 492 2754 might
501 2691 530 2736 be
538 2692 612 2737 better
619 2698 645 2736 to
653 2690 723 2738 make
773 2691 852 2739 whom
870 2692 888 2738 it
905 2692 924 2738 is
939 2705 999 2753 your
1015 2692 1108 2737 interest
1123 2698 1165 2736 not
1184 2697 1211 2736 to
1231 2685 1323 2735 offend!

174 2757 247 2804 ‘hoc'
259 2756 299 2804 the
310 2772 373 2804 nom.
385 2765 410 2803 to
422 2755 480 2803 both
492 2755 721 2813 ‘natat'and‘est,’
773 2759 803 2804 P.
821 2757 897 2819 ‘Very
913 2757 973 2813 well,
990 2755 1139 2803 then—have
1155 2754 1174 2802 it
1190 2769 1249 2816 your
1269 2767 1323 2800 own

172 2824 217 2870 and
233 2832 275 2884 put
289 2824 401 2870 ‘Maenas
418 2830 442 2869 et
458 2820 536 2868 Attis’
553 2822 578 2868 in
594 2821 723 2881 appositior
772 2831 899 2884 way-pot
918 2837 949 2882 up
966 2838 980 2868 a
996 2822 1069 2868 board
1088 2822 1178 2884 against
1197 2821 1323 2874 nuisances,

172 2899 198 2936 to
210 2889 236 2936 it.
772 2888 818 2934 and
837 2887 847 2932 l
867 2887 913 2934 will
932 2889 997 2935 leave
1016 2903 1069 2948 you.
1104 2889 1150 2933 But
1169 2884 1269 2932 Lucilius
1289 2885 1323 2931 in·

241 2957 269 3002 ln
299 2956 351 3001 udo
380 2963 429 3001 est.
480 2951 535 3023 {ahu
557 2966 674 3064 ⁰0m2⁴÷³¹
697 2949 723 2998 iv
774 2953 856 3016 dulged
883 2952 918 3000 his
948 2953 1054 3009 humour,
1082 2952 1128 3000 and
1155 2952 1247 2998 Horace
1279 2949 1324 3004 his,

171 3019 206 3090 ῃ
206 3006 238 3130 pon)
255 3032 323 3084 grew
339 3007 355 3092 ᾖ
371 3023 473 3096 χλωττα
531 3032 574 3087 eop
592 3032 647 3065 .c‚
676 3031 714 3088 Ιο
773 3017 864 3082 though
884 3019 907 3064 in
927 3034 940 3065 a
961 3018 1056 3080 quicker
1075 3016 1189 3078 way-is
1208 3014 1272 3062 there
1292 3029 1323 3060 no

172 3093 221 3130 ata
249 3084 382 3130 ativeman.
773 3083 835 3143 place
861 3083 937 3131 where
960 3085 970 3130 l
992 3099 1048 3145 may
1070 3084 1129 3144 bury
1151 3096 1192 3143 my
1219 3077 1324 3127 secreti'

171 3135 437 3196 mol.
460 3163 532 3196 seems
554 3148 616 3212 right
639 3148 662 3194 in
685 3161 724 3194 ex·
773 3149 802 3195 F.
819 3148 918 3196 ‘Nono'
950 3151 981 3197 P.
999 3148 1080 3205 ‘weit
1099 3150 1109 3195 1
1129 3148 1176 3196 will
1195 3146 1284 3193 confide
1305 3145 1324 3190 it

173 3214 275 3277 plaining
293 3213 415 3274 pluteum
433 3213 489 3260 here
500 3215 527 3260 of
541 3213 581 3261 the
592 3212 724 3260 backboard
773 3223 798 3262 to
816 3229 857 3275 my
872 3213 951 3261 book:
972 3214 1116 3262 listen-All
1135 3213 1173 3260 tha
1188 3211 1266 3259 world
1282 3225 1325 3257 ure

175 3277 723 3340 olthe‘lecticulalucubratoria'(v.55note).
773 3295 841 3326 asses.
883 3279 968 3338 There,
990 3280 1042 3327 that
1069 3280 1088 3327 is
1109 3277 1187 3325 worth
1214 3277 1244 3325 all
1265 3290 1324 3340 your

174 3345 280 3404 ‘Sponda
302 3352 335 3390 est
357 3345 456 3391 exterior
478 3358 530 3404 pars
552 3344 613 3399 lecti,
632 3344 724 3405 pluteus
773 3343 858 3392 lliads?

175 3408 283 3457 interior?
328 3408 447 3456 Suetonius
476 3410 525 3456 Cal.
556 3407 586 3456 26
616 3409 723 3456 ‘cenanti
808 3420 863 3471 107.
892 3420 1036 3459 teneras..
1054 3411 1198 3465 auriculas,
1229 3407 1324 3454 ‘molles

173 3475 244 3523 modo
259 3476 288 3521 ad
301 3474 413 3536 pluteum,
430 3475 501 3521 modo
518 3475 548 3521 ad
564 3475 631 3535 pedes
648 3474 724 3522 stare!
772 3474 900 3523 auriculae'
912 3477 969 3523 Hor.
983 3489 995 3523 2
1008 3476 1029 3523 S.
1043 3487 1066 3537 5.
1079 3488 1118 3536 32·

174 3542 243 3601 Prop.
267 3551 289 3600 5.
312 3540 335 3588 8.
359 3537 390 3587 68
419 3540 567 3604 ‘Lygdamus
595 3541 625 3586 ad
653 3541 724 3602 plutei
839 3544 1096 3590 teneras..radere.
1130 3541 1325 3602 3.115‘tenero

174 3607 246 3654 fulcra
266 3607 354 3653 sinistra
373 3606 461 3652 latens?
494 3606 546 3653 The
564 3621 619 3652 man
637 3605 676 3652 lies
693 3620 723 3652 on
772 3607 830 3653 latet
840 3606 903 3654 ulcus
915 3608 939 3652 in
951 3623 990 3654 ore
1002 3608 1081 3663 Putre,
1092 3606 1154 3668 quod
1167 3603 1229 3651 haud
1245 3603 1326 3650 deceat

165 3673 210 3719 atris
227 3673 300 3719 couch
317 3673 375 3718 after
392 3671 427 3718 his
444 3673 511 3727 meal,
523 3671 627 3732 listlessly
644 3671 724 3717 drivel-
773 3672 861 3734 plebeia
872 3674 955 3719 rudere
965 3673 1034 3720 beta!

174 3738 222 3801 ling
238 3746 280 3784 out
297 3737 331 3784 his
348 3751 429 3794 verses,
446 3736 545 3784 without
561 3753 607 3798 any
623 3736 724 3798 physical
840 3741 970 3786 mordaci.
1014 3748 1036 3799 5.
1054 3735 1086 3784 86
1106 3741 1199 3782 ‘aurem
1221 3730 1327 3780 mordaci

174 3805 277 3851 exertion
302 3819 328 3850 or
356 3818 413 3850 even
439 3810 573 3850 movement
600 3805 629 3849 of
652 3803 724 3864 impa·
773 3804 834 3851 lotus
851 3804 932 3850 aceto!
966 3804 1082 3850 ‘Mordax
1099 3800 1193 3856 verum‚'
1210 3799 1258 3845 like
1275 3802 1327 3860 'ge-

172 3870 253 3916 tience.
773 3884 880 3915 nerosum
911 3869 1052 3917 honestum¹
1082 3881 1104 3916 2.
1135 3875 1173 3929 74,
1201 3865 1325 3926 ‘opimum

209 3933 262 3982 106.
292 3937 391 3991 caedit,
417 3933 464 3982 like
486 3935 595 3981 ‘caedere
623 3934 723 3980 ostium*
773 3935 871 3997 pingue'
891 3945 912 3995 5.
927 3949 965 3993 32.

173 4001 246 4048 Lucil.
273 4014 311 4063 29.
333 4010 374 4062 35.
396 4001 474 4048 Heinr.
514 3999 593 4047 Greek
618 3997 723 4047 κόπτειν.
809 4000 863 4047 108.
886 4001 960 4046 ‘Vide
977 4001 1006 4048 sis
1026 3998 1085 4063 signi
1104 3997 1159 4058 quid
1178 3994 1234 4043 siet'
1251 3995 1325 4041 Plaut.

173 4066 280 4113 ‘caedit’
304 4066 424 4113 rhetorical
452 4066 488 4112 for
516 4066 625 4113 ‘caedere
653 4063 723 4113 facit)
773 4066 828 4112 itm.
852 4077 873 4112 2.
895 4079 916 4113 2.
939 4075 992 4126 155.
1039 4065 1104 4113 vidd
1133 4061 1254 4110 shortened
1279 4059 1327 4106 like

174 4132 288 4191 Compare
307 4145 329 4179 2.
347 4130 380 4193 64
396 4132 477 4178 ‘Haec
496 4132 539 4179 sibi
558 4139 666 4191 corrupto
687 4146 724 4176 ca·
774 4131 859 4178 ‘cavit’
877 4131 934 4178 Hor.
949 4132 1067 4191 1Ep.13.
1082 4142 1121 4192 19.

174 4197 231 4245 siam
260 4198 362 4245 dissolvit
393 4197 473 4245 olivo:
507 4198 572 4245 Haec
599 4197 723 4244 Calabrum
840 4198 982 4255 maiorum,
1001 4196 1107 4242 imitated
1125 4195 1185 4242 from
1203 4193 1260 4239 Hor.
1276 4203 1288 4237 2
1302 4191 1322 4238 S.

174 4262 238 4308 coxit
255 4264 337 4311 vitiato
354 4264 439 4310 murice
456 4263 542 4312 vellus!
776 4274 797 4311 1.
815 4258 847 4308 60
865 4262 901 4309 ‘0
921 4277 984 4322 puer,
1004 4270 1030 4309 ut
1050 4262 1078 4308 sis
1096 4260 1176 4308 Vitalis
1196 4267 1284 4311 metuo,
1302 4263 1326 4302 et

241 4329 379 4376 demorsos
411 4330 482 4389 sapit
513 4331 620 4393 unguis.
670 4327 724 4373 Irni·
773 4328 889 4375 maiorum
917 4342 947 4374 ne
974 4327 1024 4388 quis
1054 4327 1141 4373 amicus
1169 4324 1269 4387 Frigore
1301 4329 1326 4367 te

175 4392 238 4438 tated
256 4395 316 4440 from
333 4394 390 4440 Hor.
404 4404 415 4440 1
430 4394 453 4442 S.
465 4405 503 4442 10.
517 4401 555 4456 70,
572 4393 683 4457 speaking
699 4393 726 4439 ol
774 4392 856 4442 feriat!

175 4457 238 4505 what
249 4459 349 4506 Lucilius
366 4458 434 4506 failed
450 4467 477 4506 to
494 4460 524 4506 do
536 4460 573 4506 ‘in
587 4475 652 4507 versu
670 4459 723 4506 laci·
808 4471 864 4522 109.
897 4457 950 4506 'l’he
969 4457 1072 4506 coldness
1093 4457 1122 4504 of
1141 4456 1181 4503 the
1201 4462 1284 4502 master
1306 4451 1325 4497 is
